@article{sandpiper,
 author = {Wood, Timothy and Shenoy, Prashant and Venkataramani, Arun and Yousif, Mazin},
 title = {Sandpiper: Black-box and Gray-box Resource Management for Virtual Machines},
 journal = {Comput. Netw.},
 issue_date = {December, 2009},
 volume = {53},
 number = {17},
 month = dec,
 year = {2009},
 issn = {1389-1286},
 pages = {2923--2938},
 numpages = {16},
 url = {http://dx.doi.org/10.1016/j.comnet.2009.04.014},
 doi = {10.1016/j.comnet.2009.04.014},
 acmid = {1663710},
 publisher = {Elsevier North-Holland, Inc.},
 address = {New York, NY, USA},
 keywords = {Data centers, Dynamic provisioning, Migration, Virtualization},
}

@article{memmgmt,
 author = {Waldspurger, Carl A.},
 title = {Memory Resource Management in VMware ESX Server},
 journal = {SIGOPS Oper. Syst. Rev.},
 issue_date = {Winter 2002},
 volume = {36},
 number = {SI},
 month = dec,
 year = {2002},
 issn = {0163-5980},
 pages = {181--194},
 numpages = {14},
 url = {http://doi.acm.org/10.1145/844128.844146},
 doi = {10.1145/844128.844146},
 acmid = {844146},
 publisher = {ACM},
 address = {New York, NY, USA},
}

@misc{lxd,
 author = {Canonical},
 title = {LXD Containers},
 year = {2015},
 note = {\url{https://linuxcontainers.org/lxd/}},
 url = {\url{https://linuxcontainers.org/lxd/}},
}

@misc{pylxd,
 author = {Canonical},
 title = {PyLxd},
 year = {2016},
 note = {\url{https://github.com/lxc/pylxd}},
 url = {\url{https://github.com/lxc/pylxd}},
}

@misc{vmstat,
 author = {Henry Ware},
 title = {vmstat Utitlty},
 year = {2013},
 note = {\url{https://github.com/soarpenguin/procps-3.0.5}},
 url = {\url{https://github.com/soarpenguin/procps-3.0.5}},
}

@misc{stress,
 author = {Amos Waterland},
 title = {Stress Utitlty},
 year = {2014},
 note = {\url{http://people.seas.harvard.edu/~apw/stress/}},
 url = {\url{http://people.seas.harvard.edu/~apw/stress/}},
}
